@article{DBLP:journals/ml/Angluin87,
  author       = {Dana Angluin},
  title        = {Queries and Concept Learning},
  journal      = {Mach. Learn.},
  volume       = {2},
  number       = {4},
  pages        = {319--342},
  year         = {1987},
  url          = {https://doi.org/10.1007/BF00116828},
  doi          = {10.1007/BF00116828},
  timestamp    = {Mon, 02 Mar 2020 16:28:49 +0100},
  biburl       = {https://dblp.org/rec/journals/ml/Angluin87.bib},
  bibsource    = {dblp computer science bibliography, https://dblp.org}
}

@inproceedings{DBLP:conf/kr/DuarteKO18,
  author       = {Mario Ricardo Cruz Duarte and
                  Boris Konev and
                  Ana Ozaki},
  editor       = {Michael Thielscher and
                  Francesca Toni and
                  Frank Wolter},
  title        = {ExactLearner: {A} Tool for Exact Learning of {EL} Ontologies},
  booktitle    = {Principles of Knowledge Representation and Reasoning: Proceedings
                  of the Sixteenth International Conference, {KR} 2018, Tempe, Arizona,
                  30 October - 2 November 2018},
  pages        = {409--414},
  publisher    = {{AAAI} Press},
  year         = {2018},
  url          = {https://aaai.org/ocs/index.php/KR/KR18/paper/view/18006},
  timestamp    = {Tue, 09 Feb 2021 08:33:51 +0100},
  biburl       = {https://dblp.org/rec/conf/kr/DuarteKO18.bib},
  bibsource    = {dblp computer science bibliography, https://dblp.org}
}